<record><leader>00000cas a2200000 a 4500</leader><controlfield tag="001">42245546</controlfield><controlfield tag="008">990825d19951995oruwr ne      0    0eng c</controlfield><datafield ind1=" " ind2=" " tag="010"><subfield code="a">sn 99063860 </subfield></datafield><datafield ind1=" " ind2=" " tag="040"><subfield code="a">OCN</subfield><subfield code="b">eng</subfield><subfield code="c">OCN</subfield><subfield code="d">OCLCQ</subfield><subfield code="d">OCLCF</subfield><subfield code="d">OCLCO</subfield></datafield><datafield ind1=" " ind2=" " tag="042"><subfield code="a">pcc</subfield></datafield><datafield ind1=" " ind2=" " tag="043"><subfield code="a">n-us-or</subfield></datafield><datafield ind1="0" ind2="4" tag="245"><subfield code="a">The South Columbia County spotlight.</subfield></datafield><datafield ind1="1" ind2="3" tag="246"><subfield code="a">Spotlight</subfield></datafield><datafield ind1=" " ind2=" " tag="260"><subfield code="a">Scappoose Or. :</subfield><subfield code="b">Bridge Pub.,</subfield><subfield code="c">1995.</subfield></datafield><datafield ind1=" " ind2=" " tag="300"><subfield code="a">v.</subfield></datafield><datafield ind1=" " ind2=" " tag="310"><subfield code="a">Weekly</subfield></datafield><datafield ind1="0" ind2=" " tag="362"><subfield code="a">Vol. 34, no. 8 (June 21, 1995)-v. 34, no. 12 (July 19, 1995).</subfield></datafield><datafield ind1=" " ind2=" " tag="530"><subfield code="a">Also issued on microfilm from University of Oregon.</subfield></datafield><datafield ind1=" " ind2="0" tag="651"><subfield code="a">Scappoose (Or.)</subfield><subfield code="v">Newspapers.</subfield></datafield><datafield ind1=" " ind2="0" tag="651"><subfield code="a">Saint Helens (Or.)</subfield><subfield code="v">Newspapers.</subfield></datafield><datafield ind1=" " ind2="0" tag="651"><subfield code="a">Columbia County (Or.)</subfield><subfield code="v">Newspapers.</subfield></datafield><datafield ind1=" " ind2="7" tag="655"><subfield code="a">Newspapers.</subfield><subfield code="2">fast</subfield><subfield code="0">(OCoLC)fst01423814</subfield></datafield><datafield ind1=" " ind2="7" tag="651"><subfield code="a">Oregon</subfield><subfield code="z">Columbia County.</subfield><subfield code="2">fast</subfield><subfield code="0">(OCoLC)fst01228637</subfield></datafield><datafield ind1=" " ind2="7" tag="651"><subfield code="a">Oregon</subfield><subfield code="z">Saint Helens.</subfield><subfield code="2">fast</subfield><subfield code="0">(OCoLC)fst01221362</subfield></datafield><datafield ind1=" " ind2="7" tag="651"><subfield code="a">Oregon</subfield><subfield code="z">Scappoose.</subfield><subfield code="2">fast</subfield><subfield code="0">(OCoLC)fst01227810</subfield></datafield><datafield ind1=" " ind2=" " tag="752"><subfield code="a">United States</subfield><subfield code="b">Oregon</subfield><subfield code="c">Columbia</subfield><subfield code="d">Scappoose.</subfield></datafield><datafield ind1="0" ind2="0" tag="780"><subfield code="t">Spotlight (Scappoose, Or.)</subfield><subfield code="w">(DLC)sn 99068359</subfield></datafield><datafield ind1="0" ind2="0" tag="785"><subfield code="t">South County spotlight</subfield><subfield code="w">(DLC)sn 99068366</subfield></datafield></record>